<?xml version="1.0" encoding="UTF-8"?><collection xmlns="http://www.loc.gov/MARC21/slim"><record><leader>00436nam--2200133-i-4500</leader><controlfield tag="001">000009658</controlfield><controlfield tag="002">20161230</controlfield><controlfield tag="005">20161230201028</controlfield><controlfield tag="008">060222s1000------------r-----000-0-eng-d</controlfield><datafield ind1=" " ind2=" " tag="080"><subfield code="a">539.2. 539.12.04</subfield></datafield><datafield ind1=" " ind2=" " tag="100"><subfield code="a">Corciovei, A., Ghika. G, Grecu D</subfield></datafield><datafield ind1=" " ind2=" " tag="245"><subfield code="a">Etude de la fonction de distribution des atomes  deplaces produits sous l action des irradiations dans un solide</subfield></datafield><datafield ind1=" " ind2=" " tag="260"><subfield code="a">Magurele-bucuresti, I F A, 1962, 22 P</subfield></datafield><datafield ind1=" " ind2=" " tag="852"><subfield code="a">34672</subfield></datafield></record></collection>